@article{hogan2010plasma,
  title={Plasma wakefield acceleration experiments at FACET},
  author={Hogan, Mark J. and others},
  journal={New Journal of Physics},
  volume={12},
  number={5},
  pages={055030},
  year={2010},
  publisher={IOP Publishing},
  doi={10.1088/1367-2630/12/5/055030}
}

@article{leemans2006laser,
  title={Laser wakefield acceleration of electrons in plasma channels},
  author={Leemans, Wim P. and others},
  journal={Nature Physics},
  volume={2},
  number={10},
  pages={696--699},
  year={2006},
  publisher={Nature Publishing Group},
  doi={10.1038/nphys418}
}

@article{glinec2005high,
  title={High-resolution gamma-ray radiography produced by a laser-plasma driven electron source},
  author={Glinec, Yannick and others},
  journal={Physical Review Letters},
  volume={94},
  number={2},
  pages={025003},
  year={2005},
  publisher={American Physical Society},
  doi={10.1103/PhysRevLett.94.025003}
}


@article{umstadter1996nonlinear,
  title={Nonlinear optics in relativistic plasmas and laser wakefield acceleration of electrons},
  author={Umstadter, Donald and Chen, Shih-Yuin and Wagner, Robert W.},
  journal={Science},
  volume={273},
  number={5274},
  pages={472--475},
  year={1996},
  publisher={American Association for the Advancement of Science},
  doi={10.1126/science.273.5274.472}
}


@article{assmann1998transverse,
  title={Transverse beam dynamics in plasma wakefield accelerators},
  author={Assmann, Ralph W. and Yokoya, Kaoru},
  journal={Nuclear Instruments and Methods in Physics Research Section A: Accelerators, Spectrometers, Detectors and Associated Equipment},
  volume={410},
  number={3},
  pages={544--558},
  year={1998},
  publisher={Elsevier},
  doi={10.1016/S0168-9002(98)00227-2}
}