@article{corde2013femtosecond,
  title={Femtosecond x rays from laser-plasma accelerators},
  author={Corde, S{\'e}bastien and Ta Phuoc, K and Lambert, Guillaume and Fitour, R and Malka, Victor and Rousse, Antoine and Beck, A and Lefebvre, E},
  journal={Reviews of Modern Physics},
  volume={85},
  number={1},
  pages={1--48},
  year={2013},
  publisher={APS}
}


@article{schroeder2002thomson,
  title={Thomson Scattering of Electromagnetic Waves by a Relativistic Oscillating Electron},
  author={Schroeder, Carl B. and Esarey, Eric and Leemans, Wim P.},
  journal={Physics of Plasmas},
  volume={9},
  number={6},
  pages={2317--2322},
  year={2002},
  publisher={American Institute of Physics},
  doi={10.1063/1.1482156}
}


@book{herman2009fundamentals,
  title={Fundamentals of computerized tomography: image reconstruction from projections},
  author={Herman, Gabor T},
  year={2009},
  publisher={Springer Science \& Business Media}
}


@book{knoll2010radiation,
  title={Radiation detection and measurement},
  author={Knoll, Glenn F},
  year={2010},
  publisher={John Wiley \& Sons}
}



@article{griffiths2021introduction,
  title={Introduction to electrodynamics fourth edition},
  author={Griffiths, David J},
  journal={Cambridge University Press},
  year={2021}
}


@book{kak2001principles,
  title={Principles of computerized tomographic imaging},
  author={Kak, Avinash C and Slaney, Malcolm},
  year={2001},
  publisher={SIAM}
}


@article{albert2023principles,
  title={Principles and applications of x-ray light sources driven by laser wakefield acceleration},
  author={Albert, F{\'e}licie},
  journal={Physics of Plasmas},
  volume={30},
  number={5},
  year={2023},
  publisher={AIP Publishing}
}


@book{jackson2021classical,
  title={Classical electrodynamics},
  author={Jackson, John David},
  year={2001},
  publisher={John Wiley \& Sons}
}

% libros y referencias nuevas marco te√≥rico
@book{panofsky1950classical,
  title={Classical electricity and magnetism},
  author={Panofsky, Wolfgang Kurt Hermann},
  publisher={Addison-Wesley Publishing Company, INC.},
  year={1950}
}

@article{rykovanov2014quasi,
  title={Quasi-monoenergetic femtosecond photon sources from Thomson Scattering using laser plasma accelerators and plasma channels},
  author={Rykovanov, SG and Geddes, CGR and Vay, JL and Schroeder, CB and Esarey, Eric and Leemans, WP},
  journal={Journal of Physics B: Atomic, Molecular and Optical Physics},
  volume={47},
  number={23},
  pages={234013},
  year={2014},
  publisher={IOP Publishing}
}


@techreport{esarey2003physics,
  title={Physics of laser-driven plasma-based accelerators},
  author={Esarey, Eric and Schroeder, Carl B},
  year={2003},
  institution={Ernest Orlando Lawrence Berkeley National Laboratory}
}


@article{sarachik1970classical,
  title={Classical theory of the scattering of intense laser radiation by free electrons},
  author={Sarachik, ES and Schappert, GT},
  journal={Physical Review D},
  volume={1},
  number={10},
  pages={2738},
  year={1970},
  publisher={APS}
}


@book{rybicki1991radiative,
  title={Radiative processes in astrophysics},
  author={Rybicki, George B and Lightman, Alan P},
  year={1991},
  publisher={John Wiley \& Sons}
}
